

@book{triandini2012step,
  title={Step by Step Desain Proyek Menggunakan UML},
  author={Triandini, Evi and Suardika, I Gede},
  year={2012},
  publisher={Penerbit Andi}
}


@online{•,
author = {-},
title = {lucidchart},
year = {2024},
url = {https://www.lucidchart.com/ pages/fr/
diagramme-package-umi},

}



@online{•,
 title={Wikibooks in higher education: Empowerment through online distributed collaboration},
  author={Ravid, Gilad and Kalman, Yoram M and Rafaeli, Sheizaf},
  journal={Computers in Human Behavior},
url = {https://fr.wikibooks.org/wiki/ 
Programmation_C%2B%2B/Les_classes},

}

